@BOOK{Smith:2012qr,
	title = {{Gyroscopes: An Introduction for Students, Engineers and Pilots}},
	publisher = {Brightfusion Ltd},
	author = {Glenn J. Turner},
	year = {2007-04-01},
	edition = {1st},
}

@ARTICLE{Smith:2013jd,
	author = {{Pavel Ripka and Alois Tipek}},
	title = {{Modern Sensors Handbook}},
	journal = {Journal title},
	year = {2010-01-05},
	publisher = {Ripka, Pavel Tipek, Alois}
}