@manual{PTU_Manual,
organization = {Sagebrush Technology, Inc.},
editor={{Sagebrush Technology, Inc.}},
title = {Model 20 Pan-Tilt Gimbal User Manual},
adress = {3700 Singer Blvd NE Ste A, Albuquerque, New Mexico 87109 USA},
year = {2005},
month = {June},
annote={This manual describes system set-up information and identifies the parameters necessary to operate a Model 20 Servo unit. In particular it describes available TASS stabilization commands.}
}

@manual{PTU_Command_Set,
organization = {Sagebrush Technology, Inc.},
editor={{Sagebrush Technology, Inc.}},
title = {Command Set Documentation, Pan-Tilt Gimbals,Servomotor Version},
adress = {3700 Singer Blvd NE Ste A, Albuquerque, New Mexico 87109 USA},
year = {2004},
month = {June},
annote={This command set documentation defines a standard for the control of the PTU. I am interested in the contents of the tables with information about the error codes and general device control commands.}
}

@manual{I2C,
organization = {NXP Semiconductor},
editor={{NXP Semiconductor.}},
title = {I2C-bus specification and user manual},
year = {2012},
month = {October},
note={[online] Available at: \url{http://www.nxp.com/documents/other/UM10204_v5.pdf}, [Accessed 08 February 2014]},
annote={This user manual gives in depth description of I2C bus; I was interested in analysing the fundamental architecture of this bus as well as reading about SDA and SCL signals.}
}

@manual{inclinometer,
organization = {Murata Electronics},
editor={{Murata Electronics}},
title = {SCA121T dual axis inclinometer modules data sheet},
note={[online] Available at: \url{http://www.muratamems.fi/sites/default/files/documents/sca121t_inclinometer_datasheet_82127400a2.pdf}, [Accessed 08 February 2014]},
annote={This data sheet describes inclinometers features and characteristics. I was particularly interested in understanding the  measuring directions }
}