Automatically generated by Mendeley Desktop 1.11
Any changes to this file will be lost if it is regenerated by Mendeley.

BibTeX export options can be customized via Options -> BibTeX in Mendeley Desktop

@misc{RPiQuickStart,
annote = {Describes steps to get RPi up and running in a short time.},
author = {{Raspberry Pi Foundation}},
title = {{Raspberry Pi Quick Start Guide}},
url = {http://www.raspberrypi.org/wp-content/uploads/2012/12/quick-start-guide-v1.1.pdf}
}
@misc{AgileManifesto,
annote = {Explains ideas behing the agile manifesto and what they really mean. Gave me an understanding of how development should be done in agile environment. },
author = {Loads},
title = {{Principles behind the Agile Manifesto}},
url = {http://agilemanifesto.org/principles.html}
}
@misc{RaspbianInstaller,
annote = {This page has extensive documntation describing how Raspbian OS should be installed on the RPi. It also contains suggestions for the tweaks },
author = {Foundation, Raspberry Pi},
title = {{Raspbian Installer}},
url = {http://www.raspbian.org/RaspbianInstaller}
}
@misc{RPi,
annote = {This website gives an overview of the Raspberry Pi computer and what it is capable of. It was a starting point for me in understanding of its hardware specifiacations and documentation about initial setup.},
author = {{Raspberry Pi Foundation}},
title = {{What is a Raspberry Pi?}},
url = {http://www.raspberrypi.org}
}
@misc{HowToMixCC++,
author = {Kreinin, Yossi},
title = {{How to mix C and C++}},
url = {http://yosefk.com/c++fqa/mixing.html},
urldate = {2014-03-18}
}
@misc{I2C-busSpecs,
annote = {This user manual gives in depth description of I2C bus; I was interested in analysing the fundamental architecture of this bus as well as reading about SDA and SCL signals},
author = {{NXP Semiconductor}},
title = {{I2C-bus specification and user manual}},
url = {http://www.nxp.com/documents/other/UM10204\_v5.pdf},
urldate = {2014-03-18},
year = {2012}
}
@misc{WiringPi,
annote = {This website is a home for the WiringPi library. I was consulting it when porting code from the Gumstix to the RPi. In particular I was looking how to install WiringPi library and what functions are available to send commands over I2C to the gpio14 chip.},
author = {{Gordons Projects}},
title = {{Wiring Pi - GPIO Interface library for the Raspberry Pi}},
url = {http://wiringpi.com/}
}
@misc{PTU,
annote = {This manual describes system set-up information and identifies the parameters necessary to operate a Model 20 Servo unit. In particular it describes available TASS stabilization commands.},
author = {{Sagebrush Technology Inc.}},
publisher = {Sagebrush Technology Inc},
title = {{Model 20 Pan-Tilt Gimbal User Manual}},
year = {2005}
}
@misc{GPIO14,
annote = {This page gives an ovierview of the GPIO14 chip (which is essentialy a pre-programmed PIC16F818  8-bit microcontroller). Information on this page gave understand of how chip works and how it should be connected on I2C bus with other device. I used it heavily while migrating  code from the Gumstix to RPI. In particular I was reffering to this page to understan what information is held in the different registers and where I need to write data to change chip behavior.},
title = {{GPIO14 - General Purpose I2C I/O Expansion Chip}},
url = {http://www.robot-electronics.co.uk/htm/gpio14tech.htm}
}
@misc{SCA121T inclinometer,
annote = {This data sheet describes inclinometers features and characteristics. I was particularly interested in understanding the measuring directions.},
author = {{Murata Electronics}},
title = {{SCA121T dual axis inclinometer modules data sheet}},
url = {http://www.muratamems.fi/sites/default/files/documents/sca121t\_inclinometer\_datasheet\_82127400a2.pdf},
urldate = {2014-03-18}
}
@book{HandbookOfModernSensors,
annote = {This book gave me understanding of why different sensors a not perfect and may have problems with accuracy. On 339 p. it covers gyroscope architecture and in particular discusses factors that affect their accuracy.  },
author = {{Jacob Fraden}},
isbn = {1441964657},
pages = {680},
publisher = {Springer},
title = {{Handbook of Modern Sensors}},
url = {http://www.plentyofebooks.net/2011/05/download-handbook-of-modern-sensors-4th.html},
year = {2010}
}
@misc{PTUCommandSetDocumentation,
annote = {This command set documentation defines a standard for the control of the PTU. I am interested in the contents of the tables with information about the error codes and general device control commands.},
author = {{Sagebrush Technology Inc}},
publisher = {Sagebrush Technology Inc},
title = {{Command Set Documentation, Pan-Tilt Gimbals,Servomotor Version}},
year = {2004}
}
@misc{RIEtech_Global,
annote = {Includes description of the company: when it was established and what it produces.},
title = {{RIEtech Global}},
url = {http://www.rietechmotioncontrol.com/aboutus.html}
}
@misc{Gyro,
author = {SensorWiki.org},
title = {{Gyroscope}},
url = {http://sensorwiki.org/doku.php/sensors/gyroscope},
urldate = {2014-04-21}
}
@misc{ProjectIdris,
annote = {This web page gives an overview of the Idris vehicle and what it is used for. In particular I was interested in  how PTU is mounted on the vehicle (its physical orientation).},
author = {{Dr Fr\'{e}d\'{e}ric Labrosse}},
title = {{Project: Idris}},
url = {http://www.aber.ac.uk/en/cs/research/ir/robots/idris/}
}
