@misc{Kreinin,
author = {Kreinin, Yossi},
mendeley-groups = {Major Project},
title = {{How to mix C and C++}},
url = {http://yosefk.com/c++fqa/mixing.html},
urldate = {2014-03-18}
}
@misc{SagebrushTechnologyInc2005,
annote = {This manual describes system set-up information and identifies the parameters necessary to operate a Model 20 Servo unit. In particular it describes available TASS stabilization commands.},
author = {{Sagebrush Technology Inc}},
mendeley-groups = {Major Project},
publisher = {Sagebrush Technology Inc},
title = {{Model 20 Pan-Tilt Gimbal User Manual}},
year = {2005}
}
@misc{SagebrushTechnologyInc2004,
annote = {This command set documentation defines a standard for the control of the PTU. I am interested in the contents of the tables with information about the error codes and general device control commands.},
author = {{Sagebrush Technology Inc}},
mendeley-groups = {Major Project},
publisher = {Sagebrush Technology Inc},
title = {{Command Set Documentation, Pan-Tilt Gimbals,Servomotor Version}},
year = {2004}
}
@misc{NXPSemiconductor2012,
annote = {This user manual gives in depth description of I2C bus; I was interested in analysing the fundamental architecture of this bus as well as reading about SDA and SCL signals},
author = {{NXP Semiconductor}},
mendeley-groups = {Major Project},
title = {{I2C-bus specification and user manual}},
url = {http://www.nxp.com/documents/other/UM10204\_v5.pdf},
urldate = {2014-03-18},
year = {2012}
}
@misc{MurataElectronics,
annote = {This data sheet describes inclinometers features and characteristics. I was particularly interested in understanding the measuring directions.},
author = {{Murata Electronics}},
mendeley-groups = {Major Project},
title = {{SCA121T dual axis inclinometer modules data sheet}},
url = {http://www.muratamems.fi/sites/default/files/documents/sca121t\_inclinometer\_datasheet\_82127400a2.pdf},
urldate = {2014-03-18}
}
